<record><leader>00000cas a22000007a 4500</leader><controlfield tag="001">11180815</controlfield><controlfield tag="008">840921d186u18uuinuwr ne      0    0eng d</controlfield><datafield ind1=" " ind2=" " tag="010"><subfield code="a">sn 84038027 </subfield></datafield><datafield ind1=" " ind2=" " tag="040"><subfield code="a">NPX</subfield><subfield code="b">eng</subfield><subfield code="c">NPX</subfield><subfield code="d">NPI</subfield><subfield code="d">IUL</subfield><subfield code="d">NPI</subfield><subfield code="d">IUL</subfield><subfield code="d">OCL</subfield><subfield code="d">IUL</subfield><subfield code="d">OCLCQ</subfield><subfield code="d">OCLCF</subfield></datafield><datafield ind1=" " ind2=" " tag="042"><subfield code="a">msc</subfield></datafield><datafield ind1=" " ind2=" " tag="043"><subfield code="a">n-us-in</subfield></datafield><datafield ind1="0" ind2=" " tag="130"><subfield code="a">Rockport weekly Democrat (Rockport, Ind. : 1867)</subfield></datafield><datafield ind1="1" ind2="4" tag="245"><subfield code="a">The Rockport weekly Democrat.</subfield></datafield><datafield ind1=" " ind2=" " tag="260"><subfield code="a">Rockport, Ind. :</subfield><subfield code="b">Calvin Jones</subfield></datafield><datafield ind1=" " ind2=" " tag="300"><subfield code="a">v.</subfield></datafield><datafield ind1=" " ind2=" " tag="310"><subfield code="a">Weekly</subfield></datafield><datafield ind1=" " ind2=" " tag="588"><subfield code="a">Description based on: Vol. 13, no. 34 (Oct 19, 1867).</subfield></datafield><datafield ind1=" " ind2="0" tag="651"><subfield code="a">Rockport (Ind.)</subfield><subfield code="v">Newspapers.</subfield></datafield><datafield ind1=" " ind2="0" tag="651"><subfield code="a">Spencer County (Ind.)</subfield><subfield code="v">Newspapers.</subfield></datafield><datafield ind1=" " ind2="7" tag="655"><subfield code="a">Newspapers.</subfield><subfield code="2">fast</subfield><subfield code="0">(OCoLC)fst01423814</subfield></datafield><datafield ind1=" " ind2="7" tag="651"><subfield code="a">Indiana</subfield><subfield code="z">Rockport.</subfield><subfield code="2">fast</subfield><subfield code="0">(OCoLC)fst01257320</subfield></datafield><datafield ind1=" " ind2="7" tag="651"><subfield code="a">Indiana</subfield><subfield code="z">Spencer County.</subfield><subfield code="2">fast</subfield><subfield code="0">(OCoLC)fst01209895</subfield></datafield><datafield ind1=" " ind2=" " tag="752"><subfield code="a">United States</subfield><subfield code="b">Indiana</subfield><subfield code="c">Spencer</subfield><subfield code="d">Rockport.</subfield></datafield><datafield ind1="0" ind2="0" tag="780"><subfield code="t">Rockport Democrat (Rockport, Ind. : 1860)</subfield><subfield code="w">(DLC)sn 85047520</subfield><subfield code="w">(OCoLC)11848505</subfield></datafield><datafield ind1="0" ind2="0" tag="785"><subfield code="t">Rockport Democrat (Rockport, Ind. : 1907)</subfield><subfield code="w">(DLC)sn 86058953</subfield><subfield code="w">(OCoLC)14702661</subfield></datafield></record>